<?xml version="1.0" encoding="UTF-8"?><collection xmlns="http://www.loc.gov/MARC21/slim"><record><leader>00398nam--2200133-i-4500</leader><controlfield tag="001">000040466</controlfield><controlfield tag="002">20161230</controlfield><controlfield tag="005">20161230201042</controlfield><controlfield tag="008">060222s1000------------r-----000-0-eng-d</controlfield><datafield ind1=" " ind2=" " tag="080"><subfield code="a">548.7(043)</subfield></datafield><datafield ind1=" " ind2=" " tag="100"><subfield code="a">Rzepka, Edouard</subfield></datafield><datafield ind1=" " ind2=" " tag="245"><subfield code="a">Caracterisation de monocristaux kci pur et dope avec ca2+ a l`aide de la conductibilite electrique. these</subfield></datafield><datafield ind1=" " ind2=" " tag="260"><subfield code="a">Orsay, Univ., 1975, 57p.+ Tab</subfield></datafield><datafield ind1=" " ind2=" " tag="852"><subfield code="a">77909</subfield></datafield></record></collection>